@article{adleman_94,
  author  = {Adleman, Leonard},
  title   = {Molecular computation of solutions to combinatorial problems},
  journal = {Science},
  year    = {1994},
  volume  = {266},
  pages   = {1021-1024},
}

@article{adleman_98,
  author  = {Adleman, Leonard},
  title   = {Computing with \text{DNA}},
  journal = {Scientific American},
  month   = {August},
  year    = {1998},
}

@article{bennett,
  author  = {Bennett, Charles and Rolf Landauer},
  title   = {The Fundamental Physical Limits of Computation},
  journal = {Scientific American},
  month   = {July},
  year    = {1985},
  volume  = {253},
  pages   = {48-56},
}

@book{lodesh,
  author  = {Lodesh and all},
  title   = {Molecular Cell Biology},
  edition = {4th},
  year    = {2000},
  publisher = {W.H. Freeman}
}

@article{watson,
  author  = {Watson, James and Francis Crick},
  title   = {Molecular Structure of Nucleic Acids},
  journal = {Nature},
  month   = {April},
  year    = {1953},
  volume  = {171},
  pages   = {737-738},
}

@misc{wilhelm,
  author  = {Wilhelm, Paul and Karl Rothemond},
  title   = {A \text{DNA} and restriction enzyme implementation of Turing
             Machines},
}

@misc{winfree_95,
  author  = {Winfree, Erik},
  title   = {On the Computational Power of \text{DNA} Annealing and Ligation},
  note    = {Princeton DIMACS Technical Report},
  year    = {1995},
}

@inproceedings{qian,
  author  = {Qian, Lulu and David Soloveichik and Erik Winfree},
  title   = {Efficient turing-universal computation with \text{DNA} polymers},
  year    = {2010},
  booktitle = {16th International Conference on DNA Computing and Molecular
              Programming},
  editor  = {Yasubumi Sakakibara and Yongli Mi},
  pages   = {124-140}
}

@book{minsky,
  author  = {Minsky, Marvin},
  title   = {Computation: Finite and Infinite Machines},
  publisher = {Prentice Hall},
  year =  {1967},
  address = {Englewood Cliffs}
}

@phdthesis{winfree_98,
  author  = {Winfree, Erik},
  title   = {Algorithmic Self-Assembly of DNA},
  school  = {California Institute of Technology},
  year    = {1998},
}

@inproceedings{chen,
  author  = {Chen, H. and M. Kao},
  title   = {Optimizing Tile Concentrations to Minimize Errors and Time for 
             \text{DNA} Tile Self-Assembly Systems},
  year    = {2010},
  booktitle = {16th International Conference on DNA Computing and Molecular
              Programming},
  editor  = {Yasubumi Sakakibara and Yongli Mi},
}

@inproceedings{boneh,
  author  = {Boneh, D. and all},
  title   = {Making \text{DNA} computers error resistant},
  year    = {1996},
  address = {Princeton},
  booktitle = {2nd annual Meeting of DNA Based Computers},
  pages   = {102-110}
}

@inproceedings{chen_04,
  author  = {Chen, H. and A. Goel},
  title   = {Error free self-assembly using error prone tiles},
  year    = {2004},
  booktitle = {10th International Meeting on DNA Based Computers},
  pages   = {62-75}
}

@article{shapiro,
  author  = {Shapiro, Ehud and Yaakov Benenson},
  title   = {Bringing \text{DNA} Computers to Life},
  journal = {Scientific American},
  month   = {August},
  year    = {2006},
}

@article{parker,
  author  = {Parker, Jack},
  title   = {Computing with \text{DNA}},
  journal = {European Molecular Biology Organization Reports},
  year    = {2003},
  volume  = {4},
  pages   = {7-11},
}

@article{kari,
  author  = {Kari, Lila},
  title   = {\text{DNA} Computing in vitro and in vivo},
  journal = {Future Generation Computer Systems},
  year    = {2001},
  volume  = {17},
  pages   = {823-834},
}

@misc{drew,
  author  = {Drew, Robb},
  title   = {Top 500 Supercomputing List Reveals Computing Trends},
  year    = {2010},
}

@misc{rama,
  author = 	 {Ramanathan, R.M. and Rob Willoner},
  title = 	 {Silicon Innovation: Leaping from 90nm to 65 nm},
  howpublished = {White paper, Intel Corporation},
  year =	 {2006},
}

